@misc{L_48/2008_2016-03-04, 
	title = {Legge 18 marzo 2008 n.~48}, 
	author = {Parlamento della Repubblica Italiana}, 
	organization = {},
	howpublished = {\url{http://www.parlamento.it/parlam/leggi/08048l.htm}},
	note = "[Online; accessed 04-March-2016]"}

@misc{mattiucci,
	author = "{\relax Ten.~Col.~M}arco Mattiucci",
	title = {Marco Mattiucci Homepage}
	howpublished = {\url{http://www.marcomattiucci.it/informatica.php}}
}

@misc{ wiki:Network_TimeProtocol,
	author = "Wikipedia",
	title = "{Network Time Protocol} --- {W}ikipedia{,} The Free Encyclopedia",
	year = "2016",
	howpublished = {\url{https://it.wikipedia.org/w/index.php?title=Network_Time_Protocol&oldid=77885265}},
	note = "[Online; accessed 04-March-2016]"
}


@misc{ wiki:Copia_forense,
	author = "Wikipedia",
	title = "{Copia Forense} --- {W}ikipedia{,} The Free Encyclopedia",
	year = "2016",
	howpublished = {\url{https://it.wikipedia.org/w/index.php?title=Copia_forense&oldid=73379326}},
	note = "[Online; accessed 04-March-2016]"
}

@misc{ wiki:International_MobileStationEquipmentIdentity,
	author = "Wikipedia",
	title = "{International Mobile Station Equipment Identity} --- {W}ikipedia{,} The Free Encyclopedia",
	year = "2016",
	howpublished = {\url{http://https://it.wikipedia.org/w/index.php?title=International_Mobile_Equipment_Identity&oldid=78346703}},
	note = "[Online; accessed 04-March-2016]"
}

@misc{ wiki:RootingAndroidOS,
	author = "Wikipedia",
	title = "{Rooting (Android OS)} --- {W}ikipedia{,} The Free Encyclopedia",
	year = "2016",
	howpublished = {\url{http://en.wikipedia.org/w/index.php?title=Rooting%20(Android%20OS)&oldid=703262352}},
	note = "[Online; accessed 04-March-2016]"
}

@INPROCEEDINGS{Adelstein03mfp:the,
    author = {Frank Adelstein and Senior Principal Scientist},
    title = {MFP: The Mobile Forensics Platform},
    booktitle = {Proceedings of the 2002 Digital Forensics Research Workshop},
    year = {2003},
    pages = {2003}
}

@misc{ wiki:Jailbreak,
	author = "Wikipedia",
	title = "{Jailbreak} --- {W}ikipedia{,} The Free Encyclopedia",
	year = "2016",
	howpublished = {\url{https://it.wikipedia.org/w/index.php?title=Jailbreak_(informatica)&oldid=79156774}},
	note = "[Online; accessed 04-March-2016]"
}

@misc{ wiki:GabbiadiFaraday,
	author = "Wikipedia",
	title = "{Gabbia di Faraday} --- {W}ikipedia{,} The Free Encyclopedia",
	year = "2016",
	howpublished = {\url{https://it.wikipedia.org/w/index.php?title=Gabbia_di_Faraday&oldid=79126262}},
	note = "[Online; accessed 04-March-2016]"
}

@misc{ wiki:BIOS,
	author = "Wikipedia",
	title = "{BIOS} --- {W}ikipedia{,} The Free Encyclopedia",
	year = "2016",
	howpublished = {\url{https://it.wikipedia.org/w/index.php?title=BIOS&oldid=79188743}},
	note = "[Online; accessed 04-March-2016]"
}

@misc{ wiki:Hash,
	author = "Wikipedia",
	title = "{Hash} --- {W}ikipedia{,} The Free Encyclopedia",
	year = "2016",
	howpublished = {\url{https://it.wikipedia.org/w/index.php?title=Hash&oldid=79151227}},
	note = "[Online; accessed 04-March-2016]"
}

@misc{ wiki:Link,
	author = "Wikipedia",
	title = "{Link} --- {W}ikipedia{,} The Free Encyclopedia",
	year = "2016",
	howpublished = {\url{https://it.wikipedia.org/w/index.php?title=Collegamento_(Windows)&oldid=71201801}},
	note = "[Online; accessed 04-March-2016]"
}

@misc{ wiki:SoftwareLibero,
	author = "Wikipedia",
	title = "{Software Libero} --- {W}ikipedia{,} The Free Encyclopedia",
	year = "2016",
	howpublished = {\url{https://it.wikipedia.org/w/index.php?title=Software_libero&oldid=79046577}},
	note = "[Online; accessed 05-March-2016]"
}